<?xml version="1.0" encoding="UTF-8"?><collection xmlns="http://www.loc.gov/MARC21/slim"><record><leader>00595nam--2200181-i-4500</leader><controlfield tag="001">000046675</controlfield><controlfield tag="002">20161230</controlfield><controlfield tag="005">20161230201046</controlfield><controlfield tag="008">060222s1000------------r-----000-0-fre-d</controlfield><datafield ind1=" " ind2=" " tag="040"><subfield code="a">IFIN-HH</subfield></datafield><datafield ind1=" " ind2=" " tag="041"><subfield code="a">fre</subfield></datafield><datafield ind1=" " ind2=" " tag="080"><subfield code="a">539.1.07.3:015</subfield></datafield><datafield ind1="1" ind2=" " tag="100"><subfield code="a">Videau, Henri</subfield></datafield><datafield ind1="1" ind2="0" tag="245"><subfield code="a">Developpement de methodes de reconnaissance des formes adaptees aux chambres a bulles. etude de reactions d`echange d`hyper-charge a 4 gev/c</subfield><subfield code="b">These</subfield><subfield code="c">Henri videau</subfield></datafield><datafield ind1=" " ind2=" " tag="260"><subfield code="a">Paris-sud</subfield><subfield code="b">Universite De Paris-sud, Centre D`Orsay</subfield><subfield code="c">1972</subfield></datafield><datafield ind1=" " ind2=" " tag="300"><subfield code="a">214P</subfield></datafield><datafield ind1=" " ind2=" " tag="852"><subfield code="a">38039</subfield><subfield code="c">539.131</subfield></datafield><datafield ind1=" " ind2=" " tag="CAT"><subfield code="a">Sys</subfield><subfield code="c">20120301</subfield><subfield code="h">164403</subfield></datafield></record></collection>